@online{citation1,
  author = {Peter Argent},
  title = {Top 15 sites built with Ruby on Rails [@CoderFactory Blog]},
  year = 2014,
  url = {https://coderfactory.com/posts/top-15-sites-built-with-ruby-on-rails},
  urldate = {2015-11-01}
}

@online{citation2,
  author = {David Bolton},
  title = {Why I Choose PostgreSQL Over MySQL/MariaDB},
  year = 2015,
  url = {http://insights.dice.com/2015/03/19/why-i-choose-postgresql-over-mysqlmariadb/},
  urldate = {2015-11-01}
}

@online{citation3,
  author = {Alan Moore},
  title = {FIVE REASONS WHY I CHOOSE POSTGRESQL},
  year = 2013,
  url = {http://www.alandmoore.com/blog/2013/02/28/five-reasons-why-i-choose-postgresql/},
  urldate = {2015-11-01}
}

@online{citation4,
  title = {A Modern, Concurrent Web Server for Ruby - Puma},
  year = 2015,
  url = {http://puma.io/},
  urldate = {2015-11-01}
}

@online{citation5,
  author = {Engine Yard},
  title = {Rails Server Throwdown: Passenger, Unicorn or Puma?},
  year = 2015,
  url = {https://www.engineyard.com/articles/rails-server},
  urldate = {2015-11-01}
}

@online{citation6,
  author = {Justin Ellingwood},
  title = {Apache vs Nginx: Practical Considerations},
  year = 2015,
  url = {https://www.digitalocean.com/community/tutorials/apache-vs-nginx-practical-considerations},
  urldate = {2015-11-01}
}

@online{citation7,
  title = {APACHE VS NGINX {PERFORMANCE COMPARISON}},
  year = 2013,
  url = {http://www.theorganicagency.com/apache-vs-nginx-performance-comparison/},
  urldate = {2015-11-01}
}

@online{citation8,
  author = {Nicolas Carlo},
  title = {Which git workflow for my project?},
  year = 2013,
  url = {http://nicoespeon.com/en/2013/08/which-git-workflow-for-my-project/},
  urldate = {2015-11-01}
}

@online{citation9,
  author = {Scott Chacon},
  title = {GitHub Flow},
  year = 2011,
  url = {http://scottchacon.com/2011/08/31/github-flow.html},
  urldate = {2015-11-01}
}

@online{citation10,
  title = {TinyMCE 4.2},
  year = 2015,
  url = {http://www.tinymce.com/presentation/#/},
  urldate = {2015-11-02}
}

@online{citation11,
  title = {Ruby on Rails Security Guide},
  year = 2015,
  url = {http://guides.rubyonrails.org/security.html},
  urldate = {2015-11-02}
}
